@inbook{inbook,
author = {Sahay, Sanjay and Sharma, Ashu},
year = {2019},
month = {06},
pages = {139-150},
title = {Evolution of Malware and Its Detection Techniques},
isbn = {978-981-13-7165-3},
doi = {10.1007/978-981-13-7166-0_14}
}

@misc{grover2016node2vecscalablefeaturelearning,
      title={node2vec: Scalable Feature Learning for Networks}, 
      author={Aditya Grover and Jure Leskovec},
      year={2016},
      eprint={1607.00653},
      archivePrefix={arXiv},
      primaryClass={cs.SI},
      url={https://arxiv.org/abs/1607.00653}, 
}

@ARTICLE{9023948,
  author={Zhang, Yipin and Chang, Xiaolin and Lin, Yuzhou and Mišić, Jelena and Mišić, Vojislav B.},
  journal={IEEE Access}, 
  title={Exploring Function Call Graph Vectorization and File Statistical Features in Malicious PE File Classification}, 
  year={2020},
  volume={8},
  number={},
  pages={44652-44660},
  keywords={Feature extraction;Malware;Static analysis;Security;Machine learning;Forestry;Metadata;Function call graph;machine learning;malware classification;Portable Executable;statistical features},
  doi={10.1109/ACCESS.2020.2978335}}

@INPROCEEDINGS{5352759,
  author={Gavriluţ, Dragoş and Cimpoeşu, Mihai and Anton, Dan and Ciortuz, Liviu},
  booktitle={2009 International Multiconference on Computer Science and Information Technology}, 
  title={Malware detection using machine learning}, 
  year={2009},
  volume={},
  number={},
  pages={735-741},
  keywords={Machine learning;Testing;Computer science;Computer viruses;Learning systems;Association rules;Hidden Markov models;Information technology;Machine learning algorithms},
  doi={10.1109/IMCSIT.2009.5352759}}

@ARTICLE{8949524,
  author={Aslan, Ömer Aslan and Samet, Refik},
  journal={IEEE Access}, 
  title={A Comprehensive Review on Malware Detection Approaches}, 
  year={2020},
  volume={8},
  number={},
  pages={6249-6271},
  keywords={Computer viruses;Feature extraction;Encryption;Internet;Cyber security;malware classification;malware detection approaches;malware features},
  doi={10.1109/ACCESS.2019.2963724}}

@article{simanneal,
author = {Ambikavathi, and Srivatsa, S.},
year = {2020},
month = {07},
pages = {353-358},
title = {Tuning Random Forest Parameters using Simulated Annealing for Intrusion Detection},
volume = {9},
journal = {International Journal of Innovative Technology and Exploring Engineering},
doi = {10.35940/ijitee.H6799.079920}
}

@misc{grover2016node2vecscalablefeaturelearning,
      title={node2vec: Scalable Feature Learning for Networks}, 
      author={Aditya Grover and Jure Leskovec},
      year={2016},
      eprint={1607.00653},
      archivePrefix={arXiv},
      primaryClass={cs.SI},
      url={https://arxiv.org/abs/1607.00653}, 
}

@online{kaspersky_ml_whitepaper,
  author = {{Kaspersky Lab}},
  title = {Machine Learning for Malware Detection},
  year = {2021},
  url = {https://media.kaspersky.com/en/enterprise-security/Kaspersky-Lab-Whitepaper-Machine-Learning.pdf},
}

@online{eset_heuristic_analysis,
  author = {David Harley and Andrew Lee},
  title = {Heuristic Analysis – Detecting Unknown Viruses},
  year = {2007},
  url = {https://eset.version-2.sg/softdown/manual/HeurAnalysis(Mar2007)Online.pdf},
  urldate = {2025-03-28}
}

@article{ALSELWI2024102068,
title = {RNN-LSTM: From applications to modeling techniques and beyond—Systematic review},
journal = {Journal of King Saud University - Computer and Information Sciences},
volume = {36},
number = {5},
pages = {102068},
year = {2024},
issn = {1319-1578},
doi = {https://doi.org/10.1016/j.jksuci.2024.102068},
url = {https://www.sciencedirect.com/science/article/pii/S1319157824001575},
author = {Safwan Mahmood Al-Selwi and Mohd Fadzil Hassan and Said Jadid Abdulkadir and Amgad Muneer and Ebrahim Hamid Sumiea and Alawi Alqushaibi and Mohammed Gamal Ragab}
}


@Article{sym14112304,
AUTHOR = {Akhtar, Muhammad Shoaib and Feng, Tao},
TITLE = {Malware Analysis and Detection Using Machine Learning Algorithms},
JOURNAL = {Symmetry},
VOLUME = {14},
YEAR = {2022},
NUMBER = {11},
ARTICLE-NUMBER = {2304},
URL = {https://www.mdpi.com/2073-8994/14/11/2304},
ISSN = {2073-8994},
DOI = {10.3390/sym14112304}
}

@INPROCEEDINGS{10830884,
  author={Dobrovodsky, Patrik and Fleiner, Rita and Kail, Eszter},
  booktitle={2024 IEEE 24th International Symposium on Computational Intelligence and Informatics (CINTI)}, 
  title={CNN in Malware Detection}, 
  year={2024},
  volume={},
  number={},
  pages={63-68},
  keywords={Analytical models;Technological innovation;Accuracy;Systematics;Gray-scale;Market research;Malware;Convolutional neural networks;Informatics;Systematic literature review;malware detection;Malimg;CNN},
  doi={10.1109/CINTI63048.2024.10830884}}

@article{catak2020deep,
  author = {Catak, Fatih Orhan and Yazi, Ali Furkan and Elezaj, Orges and Ahmed, Jawad},
  title = {Deep learning based Sequential model for malware analysis using Windows exe API Calls},
  journal = {PeerJ Comput Sci},
  volume = {6},
  pages = {285},
  year = {2020},
  month = {Jul},
  day = {27},
  doi = {10.7717/peerj-cs.285},
  PMID = {33816936},
  PMCID = {PMC7924690}
}

@article{khemani2024review,
  author = {Khemani, Bharti and Patil, Shruti and Kotecha, Ketan and Tanwar, Sudeep},
  title = {A review of graph neural networks: concepts, architectures, techniques, challenges, datasets, applications, and future directions},
  journal = {Journal of Big Data},
  volume = {11},
  number = {1},
  pages = {18},
  year = {2024},
  month = {01},
  day = {16},
  issn = {2196-1115},
  doi = {10.1186/s40537-023-00876-4},
  url = {https://doi.org/10.1186/s40537-023-00876-4}
}

@misc{malhotra2023comparisongraphneuralnetworks,
      title={A Comparison of Graph Neural Networks for Malware Classification}, 
      author={Vrinda Malhotra and Katerina Potika and Mark Stamp},
      year={2023},
      eprint={2303.12812},
      archivePrefix={arXiv},
      primaryClass={cs.LG},
      url={https://arxiv.org/abs/2303.12812}, 
}

@article{AMJATH2025103651,
title = {Graph representation federated learning for malware detection in Internet of health things},
journal = {Results in Engineering},
volume = {25},
pages = {103651},
year = {2025},
issn = {2590-1230},
doi = {https://doi.org/10.1016/j.rineng.2024.103651},
url = {https://www.sciencedirect.com/science/article/pii/S2590123024018942},
author = {Mohamed Amjath and Shagufta Henna and Upaka Rathnayake}

}

@article{10.1145/3664649,
author = {Bilot, Tristan and El Madhoun, Nour and Al Agha, Khaldoun and Zouaoui, Anis},
title = {A Survey on Malware Detection with Graph Representation Learning},
year = {2024},
issue_date = {November 2024},
publisher = {Association for Computing Machinery},
address = {New York, NY, USA},
volume = {56},
number = {11},
issn = {0360-0300},
url = {https://doi.org/10.1145/3664649},
doi = {10.1145/3664649},
journal = {ACM Comput. Surv.},
month = jun,
articleno = {278},
numpages = {36}
}

@article{hashemi2017graph,
  author = {Hashemi, Hashem and Azmoodeh, Amin and Hamzeh, Ali and Hashemi, Sattar},
  title = {Graph embedding as a new approach for unknown malware detection},
  journal = {Journal of Computer Virology and Hacking Techniques},
  volume = {13},
  number = {3},
  pages = {153--166},
  year = {2017},
  month = {08},
  day = {01},
  issn = {2263-8733},
  doi = {10.1007/s11416-016-0278-y},
  url = {https://doi.org/10.1007/s11416-016-0278-y}
}

@article{breiman2001random,
  author = {Breiman, Leo},
  title = {Random Forests},
  journal = {Machine Learning},
  volume = {45},
  number = {1},
  pages = {5--32},
  year = {2001},
  month = {10},
  day = {01},
  issn = {1573-0565},
  doi = {10.1023/A:1010933404324},
  url = {https://doi.org/10.1023/A:1010933404324}
}

@article{article,
author = {Garcia, Felan and Muga, Felix II},
year = {2016},
month = {09},
pages = {},
title = {Random Forest for Malware Classification},
doi = {10.48550/arXiv.1609.07770}
}